@online{rosserial,
	author = {Misc},
	title = {Rosserial wiki},
	date = {30/12/17},
	url = {http://wiki.ros.org/rosserial},
}
